@article{Ancellin2019,
  doi = {10.21105/joss.01341},
  url = {https://doi.org/10.21105/joss.01341},
  year = {2019},
  publisher = {The Open Journal},
  volume = {4},
  number = {36},
  pages = {1341},
  author = {Matthieu Ancellin and Frédéric Dias},
  title = {Capytaine: a Python-based linear potential flow solver},
  journal = {Journal of Open Source Software}
}

@article{documentation,
  author          = {Matthieu Ancellin and Ryan Coe and Leonardo Uieda},
  title           = {Capytaine: a Python-based distribution of Nemoh (the latest version)},
  journal         = {online documentation},
  year            = {2021},
  url             = {https://ancell.in/capytaine/latest/}
}